///////////////////         Chapitre 1          //////////////////////

@Inbook{Scheuer2012,
author="Scheuer, Oliver and McLaren, Bruce M.",
title="Educational Data Mining",
bookTitle="Encyclopedia of the Sciences of Learning",
year="2012",
publisher="Springer US",
address="Boston, MA",
pages="1075--1079",
isbn="978-1-4419-1428-6",
doi="10.1007/978-1-4419-1428-6_618",
url="https://doi.org/10.1007/978-1-4419-1428-6_618"
}
@book{data_mining_concepts_techniques,
author = {Han, Jiawei and Kamber, Micheline},
year = {2000},
month = {01},
pages = {},
title = {Data Mining: Concepts and Techniques},
isbn = {1-55860-489-8},
journal = {San Francisco: Morgan kaufmann;}
}
@article{Educational_data_mining_a_survey_from_1995_to_2005,
author = {Romero, Cristóbal and Ventura, Sebastian},
year = {2007},
month = {07},
pages = {135-146},
title = {Educational data mining: A survey from 1995 to 2005},
volume = {33},
journal = {Expert Systems with Applications},
doi = {10.1016/j.eswa.2006.04.005}
}
@phdthesis{buche:tel-00011223,
TITLE = {{Un syst{\`e}me tutoriel intelligent et adaptatif pour l'apprentissage de comp{\'e}tences en environnement virtuel de formation}},
AUTHOR = {Buche, C{\'e}dric},
URL = {https://tel.archives-ouvertes.fr/tel-00011223},
SCHOOL = {{Universit{\'e} de Bretagne occidentale - Brest}},
YEAR = {2005},
MONTH = Nov,
KEYWORDS = {virtual environment for training ; multi-agent system ; intelligent tutoring system ; classifiers system. ; syst{\`e}me de classeurs ; Environnement virtuel de formation ; syst{\`e}me multi-agents ; syst{\`e}me tutoriel intelligent ; syst{\`e}me de classeurs.},
TYPE = {Theses},
PDF = {https://tel.archives-ouvertes.fr/tel-00011223/file/rapportThese_CedricBuche.pdf},
HAL_ID = {tel-00011223},
HAL_VERSION = {v1},
}
@book{handbook_of_educational_data_mining,
author = {Romero, Cristóbal and Ventura, Sebastian and Pechenizkiy, Mykola and Baker, Ryan},
year = {2010},
month = {10},
pages = {},
title = {Handbook of Educational Data Mining},
isbn = {1-43980-457-5},
journal = {Handbook of Educational Data Mining},
doi = {10.1201/b10274}
}
@article{state_of_educational_data_mining_in_2009_a_review_and_future_visions,
author = {Baker, Ryan and Yacef, Kalina},
year = {2009},
month = {01},
pages = {3-17},
title = {The State of Educational Data Mining in 2009: A Review and Future Visions},
volume = {1},
journal = {Journal of Educational Data Mining}
}
@phdthesis{dm_tuteurs,
  TITLE = {Utilisation des Techniques de Data Mining pour la Modélisation des Tuteurs},
  AUTHOR = {S. Bendjebar},
  URL = {https://tel.archives-ouvertes.fr/tel-00011223},
  SCHOOL = {Université 8 mai 1945 Guelma},
  YEAR = {2016},
  TYPE = {Theses},
  PDF = {http://dspace.univ-guelma.dz:8080/xmlui/handle/123456789/84},
}

/////////////////////////////            Chapitre 2        ///////////////////////////
@article{learner_model__adaptive_learning,
author = {Nguyen, L. and Do, P.},
year = {2008},
month = {01},
pages = {396-401},
title = {Learner model in adaptive learning},
volume = {45},
journal = {Proceedings of World Academy of Science, Engineering and Technology}
}

@inproceedings{user_modelling_help_systems,
author = {Winkels, Radboud},
year = {1990},
month = {06},
pages = {184-193},
title = {User Modelling in Help Systems.},
volume = {438},
isbn = {3-540-52699-4},
doi = {10.1007/BFb0020879}
}

@article{user_learner_modeling_workbench,
author = {Paiva, Ana and Self, John},
year = {1994},
month = {09},
pages = {197-226},
title = {TAGUS — A user and learner modeling workbench},
volume = {4},
journal = {User Modeling and User-Adapted Interaction},
doi = {10.1007/BF01100244}
}

@article{psycho_oncology,
author = {Greer, S.},
year = {1994},
month = {07},
pages = {87 - 101},
title = {Psycho‐oncology: Its aims, achievements and future tasks},
volume = {3},
journal = {Psycho‐Oncology},
doi = {10.1002/pon.2960030203}
}

@article{student_model_centered_architecture,
author = {Brusilovsky, Peter},
year = {1994},
month = {01},
pages = {},
title = {Student model centered architecture for intelligent learning environments}
}

@article{knowledge_based_scheduling_program,
author = {Goldstein, Ira and Roberts, Bruce},
year = {1977},
month = {01},
pages = {},
title = {NUDGE, A Knowledge-Based Scheduling Program},
journal = {Proceedings of IJCAI-77}
}
==> a revoir
@book{Elster1987-ELSTMS-2,
	title = {The Multiple Self},
	year = {1987},
	publisher = {Cambridge University Press},
	author = {Jon Elster}
}

@article{modeles_outils_applications,
author = {Nkambou, Roger},
year = {2021},
month = {06},
pages = {},
title = {Modélisation des connaissances de la matière dans un système tutoriel intelligent : modèles, outils et applications /}
}
@inproceedings{inproceedings,
author = {Ragnemalm, Eva},
year = {1996},
month = {01},
pages = {650-658},
title = {Collaborative Dialogue with a Learning Companion as a Source of Inforamtion on Student Reasoning.}
}
==> a revoir [10]
@article{article,
author = {Holt, P and Dubs, S and Jones, M and Greer, J},
year = {2021},
month = {06},
pages = {},
title = {The state of student modelling" in Student Modelling: The Key to Individualized Knowledge-Based Inst}
}